@book{eastman2011bim,
  title={BIM handbook: A guide to building information modeling for owners, managers, designers, engineers and contractors},
  author={Eastman, Chuck and Teicholz, Paul and Sacks, Rafael and Liston, Kathleen},
  year={2011},
  publisher={John Wiley \& Sons}
}


@article{beetz2009ifcowl,
  title={IfcOWL: A case of transforming EXPRESS schemas into ontologies},
  author={Beetz, Jakob and Van Leeuwen, Jos and De Vries, Bauke},
  journal={Artificial Intelligence for Engineering Design, Analysis and Manufacturing},
  volume={23},
  number={01},
  pages={89--101},
  year={2009},
  publisher={Cambridge Univ Press}
}

@inproceedings{beetz2005ontology,
  title={An ontology web language notation of the industry foundation classes},
  author={Beetz, Jakob and Van Leeuwen, JP and de Vries, B},
  booktitle={Proceedings of the 22nd CIB W78 Conference on Information Technology in Construction},
  volume={2006},
  year={2005}
}

@incollection{pauwels2011interoperability,
  title={Interoperability for the design and construction industry through semantic web technology},
  author={Pauwels, Pieter and De Meyer, Ronald and Van Campenhout, Jan},
  booktitle={Semantic Multimedia},
  pages={143--158},
  year={2011},
  publisher={Springer}
}

@incollection{kolbe2005citygml,
  title={{CityGML: Interoperable access to 3D city models}},
  author={Kolbe, Thomas H and Gr{\"o}ger, Gerhard and Pl{\"u}mer, Lutz},
  booktitle={Geo-information for disaster management},
  pages={883--899},
  year={2005},
  publisher={Springer}
}

@techreport{ISO16739,
 author = {ISO16739},
 Institution = {ISO},
 address = {Geneva, Switzerland},
 Title = {{Industry Foundation Classes (IFC) for data sharing in the construction and facility management industries}},
 volume = {2000},
 Type = {ISO},
 key = {ISO 16739:2013(E)},
 Year = {2013}
 }
 
 @inproceedings{liebich2010unveiling,
  title={Unveiling IFC2x4-The next generation of OPENBIM},
  author={Liebich, Thomas},
  booktitle={Proceedings of the 2010 CIB W78 Conference},
  pages={8},
  year={2010}
}

@inproceedings{torma2013semantic,
  title={{Semantic Linking of Building Information Models}},
  author={T{\"o}rm{\"a}, Seppo},
  booktitle={IEEE $7^{th}$ International Conference on Semantic Computing},
  pages={412--419},
  year={2013},
  organization={IEEE}
}

@InProceedings{torma2014wobd,
  author = 	{T{\"o}rm{\"a}, Seppo},
  title = 	{{Web of Building Data - Integrating IFC with the Web of Data}},
  booktitle = {{eWork and eBusiness in Architecture, Engineering and
                  Construction: ECPPM 2014}},
  year = 	2014,
  editor = 	{Mahdavi, A. and Martens, B. and Scherer, R.},
  publisher = {CRC Press}
}

@TechReport{ldp-best-practices,
  author =	 {Cody Burleson and Miguel Esteban Gutiérrez and
                  Nandana Mihindukulasooriya},
  title =	 {{LDP Best Practices and Guidelines}},
  institution =	 {W3C},
  year =	 2014,
  type = 	 {{Working Group Note}},
  month = 	 {August}}

@article{peterson2009w3c,
  title={{W3C XML schema definition language (XSD) 1.1 part 2: Datatypes}},
  author={Peterson, David and Gao, Shudi and Malhotra, Ashok and Sperberg-McQueen, CM and Thompson, Henry S and Biron, PV},
  journal={W3C Working Draft},
  volume={3},
  year={2009}
}

@article{motik2012owl,
  title={{OWL 2 Web Ontology Language: Profiles ($2^{nd}$ ed.)}},
  author={Motik, Boris and Grau, Bernardo Cuenca and Horrocks, Ian and Wu, Zhe and Fokoue, Achille and Lutz, Carsten},
  journal={{W3C Recommendation}},
  year={2012}
}


@article{world2014rdf,
  title={RDF 1.1 Primer},
  author={World Wide Web Consortium and others},
  year={2014},
  publisher={World Wide Web Consortium}
}

@book{schenck1994information,
  title={Information modeling: the EXPRESS way},
  author={Schenck, Douglas and Wilson, Peter Robert},
  volume={126},
  year={1994},
  publisher={Oxford University Press New York}
}

@TechReport{ISO10303-21,
  author = 	 {ISO10303-21},
  title = 	 {{Industrial Automation Systems — Exchange of Prod-
uct Model Data: Part 21. Implementation Method: Clear Text Encoding of the Exchange Structure}},
  institution =  {ISO},
  year = 	 1994}
